@article{HoareC1978Csp,
    issn = {1557-7317},
    journal = {Communications of the ACM},
    pages = {666--677},
    volume = {21},
    publisher = {ACM},
    number = {8},
    year = {1978},
    title = {Communicating sequential processes},
    language = {eng},
    author = {Charles Antony Richard Hoare},
}


@article{vinter2014synchronous,
  title={Synchronous message exchange for hardware designs},
  author={Vinter, Brian and Skovhede, Kenneth},
  journal={Communicating Process Architectures},
  pages={201--212},
  year={2014}
}

@article{vinter2015bus,
  title={Bus centric synchronous message exchange for hardware designs},
  author={Vinter, Brian and Skovhede, Kenneth},
  year={2015}
}

@BOOK{riscVbook,
    TITLE = {Computer Organization and Design RISC-V Edition: The Hardware Software/Interface},
    AUTHOR = {David A. Patterson and John L. Hennessy},
    YEAR = {2017}, 
    PUBLISHER = {Morgan Kaufmann},
    isbn = "9780128122754"
}